<record><leader>00000cas a22000007a 4500</leader><controlfield tag="001">13869446</controlfield><controlfield tag="008">860715d18681869paudr ne      0    0eng d</controlfield><datafield ind1=" " ind2=" " tag="010"><subfield code="a">sn 86081706 </subfield></datafield><datafield ind1=" " ind2=" " tag="040"><subfield code="a">NPH</subfield><subfield code="b">eng</subfield><subfield code="c">NPH</subfield><subfield code="d">OCLCQ</subfield></datafield><datafield ind1=" " ind2=" " tag="042"><subfield code="a">msc</subfield></datafield><datafield ind1="0" ind2="0" tag="245"><subfield code="a">Lycoming daily gazette.</subfield></datafield><datafield ind1=" " ind2=" " tag="260"><subfield code="a">Williamsport, Pa. :</subfield><subfield code="b">C.T. Huston and Co.</subfield></datafield><datafield ind1=" " ind2=" " tag="300"><subfield code="a">v.</subfield></datafield><datafield ind1=" " ind2=" " tag="310"><subfield code="a">Daily</subfield></datafield><datafield ind1="1" ind2=" " tag="362"><subfield code="a">Began in Jan., 1868?; ceased in Nov. 1869?</subfield></datafield><datafield ind1=" " ind2=" " tag="588"><subfield code="a">Description based on: Vol. 1, no. 218 (Jan. 2, 1868).</subfield></datafield><datafield ind1=" " ind2=" " tag="752"><subfield code="a">United States</subfield><subfield code="b">Pennsylvania</subfield><subfield code="c">Lycoming</subfield><subfield code="d">Williamsport.</subfield></datafield><datafield ind1="0" ind2="0" tag="780"><subfield code="t">Daily gazette (Williamsport, Pa.)</subfield><subfield code="w">(DLC)sn 86081708</subfield></datafield><datafield ind1="0" ind2="7" tag="785"><subfield code="t">Daily evening bulletin (Williamsport, Pa.)</subfield><subfield code="w">(DLC)sn 86081705</subfield></datafield><datafield ind1="0" ind2="7" tag="785"><subfield code="t">Daily gazette and bulletin</subfield><subfield code="w">(DLC)sn 84026686</subfield></datafield></record>